<?xml version="1.0" encoding="UTF-8"?>
<collection xmlns:xsi="http://www.w3.org/2001/XMLSchema-instance" xsi:schemaLocation="http://www.loc.gov/MARC21/slim http://www.loc.gov/standards/marcxml/schema/MARC21slim.xsd" xmlns="http://www.loc.gov/MARC21/slim">
<record>
  <leader>01496cam a2200313M  4500</leader>
  <controlfield tag="001">5366949</controlfield>
  <controlfield tag="003">NNC</controlfield>
  <controlfield tag="005">20050927205540.0</controlfield>
  <controlfield tag="008">870929s1953    tu h          000 0 ara  </controlfield>
  <datafield tag="010" ind1=" " ind2=" ">
    <subfield code="a">ne 62000491 </subfield>
  </datafield>
  <datafield tag="035" ind1=" " ind2=" ">
    <subfield code="a">(OCoLC)ocm16771630</subfield>
  </datafield>
  <datafield tag="035" ind1=" " ind2=" ">
    <subfield code="a">(NNC)5366949</subfield>
  </datafield>
  <datafield tag="040" ind1=" " ind2=" ">
    <subfield code="a">DLC</subfield>
    <subfield code="c">ORZ</subfield>
    <subfield code="d">OCLCQ</subfield>
    <subfield code="d">ZCU</subfield>
  </datafield>
  <datafield tag="041" ind1="0" ind2=" ">
    <subfield code="a">arafre</subfield>
  </datafield>
  <datafield tag="050" ind1="0" ind2="0">
    <subfield code="a">B751.A35</subfield>
    <subfield code="b">U4</subfield>
  </datafield>
  <datafield tag="099" ind1=" " ind2=" ">
    <subfield code="a">895.4</subfield>
    <subfield code="a">Is75 no.552</subfield>
  </datafield>
  <datafield tag="100" ind1="0" ind2=" ">
    <subfield code="a">Avicenna,</subfield>
    <subfield code="d">980-1037.</subfield>
  </datafield>
  <datafield tag="245" ind1="1" ind2="0">
    <subfield code="a">Ibn Sina risâleleri.</subfield>
    <subfield code="b">Les opuscules d'Ibn Sina. Publiés sous la direction de Hilmi Ziya Ülken.</subfield>
  </datafield>
  <datafield tag="260" ind1=" " ind2=" ">
    <subfield code="a">Ankara,</subfield>
    <subfield code="b">Türk Tarih Kurumu Basımevi,</subfield>
    <subfield code="c">1953.</subfield>
  </datafield>
  <datafield tag="300" ind1=" " ind2=" ">
    <subfield code="a">3 v.</subfield>
    <subfield code="b">facsims.</subfield>
    <subfield code="c">25 cm.</subfield>
  </datafield>
  <datafield tag="490" ind1="1" ind2=" ">
    <subfield code="a">İstanbul Üniversitesi. Edebiyat Fakültesi. Edebiyat Fakültesi yayıinları ;</subfield>
    <subfield code="v">no. 552</subfield>
  </datafield>
  <datafield tag="500" ind1=" " ind2=" ">
    <subfield code="a">Vol. 3 has title: İbn Sina. Risâleler.</subfield>
  </datafield>
  <datafield tag="500" ind1=" " ind2=" ">
    <subfield code="a">Vols. 2-3 have imprint: İstanbul, I. Horoz Basımevi.</subfield>
  </datafield>
  <datafield tag="500" ind1=" " ind2=" ">
    <subfield code="a">In Arabic.</subfield>
  </datafield>
  <datafield tag="505" ind1="0" ind2=" ">
    <subfield code="a">1. Uyun al-hikma, et l'opuscule d'Abu'l Faraj et la réfutation d'Ibn Sina, édité et annoté par H.Z. Ülken.--2. Les opuscules d'Ibn Sina, et Le livre de la différence entre l'esprit et l'âme, par Qosta b. Luqa; édité, étudié et onnoté [sic] par H.Z. Ülken.--3. Aşkın mâhiyeti hakkında risâle, neşreden ve Türkçeye çeviren A. Ateş.</subfield>
  </datafield>
  <datafield tag="740" ind1="0" ind2="1">
    <subfield code="a">Opuscules d'Ibn Sina.</subfield>
  </datafield>
  <datafield tag="740" ind1="0" ind2="1">
    <subfield code="a">Rasāʾil Ibn Sīnā.</subfield>
  </datafield>
  <datafield tag="810" ind1="2" ind2=" ">
    <subfield code="a">İstanbul Üniversitesi.</subfield>
    <subfield code="b">Edebiyat Fakültesi.</subfield>
    <subfield code="t">Edebiyat Fakültesi yayıinları ;</subfield>
    <subfield code="v">no. 552.</subfield>
  </datafield>
  <datafield tag="955" ind1=" " ind2=" ">
    <subfield code="b">0021872732</subfield>
    <subfield code="d">glx</subfield>
    <subfield code="e">895.4 Is75 no.552</subfield>
    <subfield code="v">v.1-3</subfield>
  </datafield>
</record>
</collection>